@inproceedings{karampatsis2020often,
  title={How often do single-statement bugs occur? The ManySStuBs4J dataset},
  author={Karampatsis, Rafael-Michael and Sutton, Charles},
  booktitle={Proceedings of the 17th International Conference on Mining Software Repositories},
  pages={573--577},
  year={2020}
}

@inproceedings{sui2018soundness,
  title={On the soundness of call graph construction in the presence of dynamic language features-a benchmark and tool evaluation},
  author={Sui, Li and Dietrich, Jens and Emery, Michael and Rasheed, Shawn and Tahir, Amjed},
  booktitle={Asian Symposium on Programming Languages and Systems},
  pages={69--88},
  year={2018},
  organization={Springer}
}

@misc{javaclassapi, 
title = {java.lang.Class API document}, 
howpublished = {\url{https://docs.oracle.com/javase/8/docs/api/java/lang/Class.html}}, 
year = {Accessed: 6-06-2021}}

@inproceedings{sui2020recall,
  title={On the Recall of Static Call Graph Construction in Practice},
  author={Sui, Li and Dietrich, Jens and Tahir, Amjed and Fourtounis, George},
  year={2020},
  organization={ICSE}
}

@inproceedings{sui2017use,
  title={On the use of mined stack traces to improve the soundness of statically constructed call graphs},
  author={Sui, Li and Dietrich, Jens and Tahir, Amjed},
  booktitle={2017 24th Asia-Pacific Software Engineering Conference (APSEC)},
  pages={672--676},
  year={2017},
  organization={IEEE}
}

@article{livshits2015defense,
  title={In defense of soundiness: A manifesto},
  author={Livshits, Benjamin and Sridharan, Manu and Smaragdakis, Yannis and Lhot{\'a}k, Ond{\v{r}}ej and Amaral, J Nelson and Chang, Bor-Yuh Evan and Guyer, Samuel Z and Khedker, Uday P and M{\o}ller, Anders and Vardoulakis, Dimitrios},
  journal={Communications of the ACM},
  volume={58},
  number={2},
  pages={44--46},
  year={2015},
  publisher={ACM}
}

@inproceedings{bravenboer2009strictly,
  title={Strictly declarative specification of sophisticated points-to analyses},
  author={Bravenboer, Martin and Smaragdakis, Yannis},
  booktitle={Proceedings of the 24th ACM SIGPLAN conference on Object oriented programming systems languages and applications},
  pages={243--262},
  year={2009}
}